@article{IDEM,
	title={Desenvolvimento e Perspectivas da Infraestrutura de Dados Espaciais Marinhos Brasileira}, 
	volume={71}, 
	url={http://www.seer.ufu.br/index.php/revistabrasileiracartografia/article/view/46316}, DOI={10.14393/rbcv71n3-46316},
	number={3}, 
	journal={Revista Brasileira de Cartografia}, 
	author={Florentino, Christopher and Pimentel, Vitor Bravo and Neto, Arthur Ayres}, 
	year={2019}, 
	month={set.}, 
	pages={619-646}
}
@manual{INDE,
  address = {Rio de Janeiro},
  org = {Comissão Naciona de Cartografia},
  org-short = {CONCAR},
  title = {Plano de Ação para Implantação da Infraestrutura nacional de Dados Espaciais},
  url = {http://www.concar.gov.br/pdf/PlanoDeAcaoINDE.pdf},
  year = {2010}
}
@misc{portaria-83,
	title = {{PORTARIA} {Nº} 83, {DE} 28 {DE} {AGOSTO} {DE} 2019 - {DOU} - {Imprensa} {Nacional}},
	url = {http://www.in.gov.br/en/web/dou/-/portaria-n-83-de-28-de-agosto-de-2019-214049152},
	abstract = {Portal da Imprensa Nacional do Brasil. Diário Oficial da União.},
	language = {pt-BR},
	urldate = {2020-06-30},
	author = {{Imprensa Nacional}},
	year = {2019}
}

@misc{portaria-11,
	title = {{PORTARIA} {Nº} 11, {DE} 31 {DE} {JANEIRO} {DE} 2018 - {DOU} - {Imprensa} {Nacional}},
	url = {http://www.in.gov.br/materia/-/asset_publisher/Kujrw0TZC2Mb/content/id/2353679/do1-2018-02-01-portaria-n-11-de-31-de-janeiro-de-2018-2353675},
	abstract = {Portal da Imprensa Nacional do Brasil. Diário Oficial da União.},
	language = {pt-BR},
	urldate = {2020-06-30},
	author = {{Imprensa Nacional}},
	year = {2018}
}

@misc{brasil_dl_1987,
	title = {{DL} 2398 (compilado)},
	url = {http://www.planalto.gov.br/ccivil_03/Decreto-Lei/1965-1988/Del2398compilado.htm},
	urldate = {2020-06-30},
	author = {Brasil},
	year = {1987}
}

@misc{brasil_l13139,
	title = {Lei 13.139},
	url = {http://www.planalto.gov.br/ccivil_03/_ato2015-2018/2015/lei/L13139.htm},
	urldate = {2020-06-30},
	author = {Brasil},
	year = {2015}
}