@article{Florentino_Pimentel_Neto_2019, 
	title={Desenvolvimento e Perspectivas da Infraestrutura de Dados Espaciais Marinhos Brasileira}, 
	volume={71}, 
	url={http://www.seer.ufu.br/index.php/revistabrasileiracartografia/article/view/46316}, DOI={10.14393/rbcv71n3-46316},
	number={3}, 
	journal={Revista Brasileira de Cartografia}, 
	author={Florentino, Christopher and Pimentel, Vitor Bravo and Neto, Arthur Ayres}, 
	year={2019}, 
	month={set.}, 
	pages={619-646}
}